3042 5542
1318 826 1323 840 Ι.

1312 849 1314 856 ι

229 1160 284 1212 nr
296 1160 320 1211 1.
334 1160 423 1221 rel-22,
436 1160 461 1210 s.
474 1157 535 1225 1-4]
683 1158 835 1210 hunum.
1243 1145 1281 1207 31

243 1351 271 1390 ro
283 1333 343 1392 Do
366 1329 486 1413 [Aside]
501 1330 591 1402 Quod
605 1329 779 1390 remedium
795 1349 877 1389 nune
892 1328 965 1389 hur'e
980 1328 1063 1390 malo
1076 1328 1261 1389 inuenietur?

283 1437 330 1499 si.
480 1434 606 1516 [Aside]
621 1435 703 1506 Quid
718 1436 804 1495 hoe?

364 1542 475 1602 Adeon
488 1546 537 1601 est
550 1540 706 1600 demens?
754 1523 804 1599 Ex
819 1540 1007 1619 peregriua?
1050 1540 1117 1600 Idm
1133 1540 1212 1599 seio:
1235 1541 1285 1615 ah,

364 1646 427 1707 Vix
440 1646 568 1707 tenuem
583 1645 667 1707 sensi
683 1644 825 1705 stolidus.

283 1751 343 1813 Da.
686 1750 816 1832 [Aside]
832 1750 915 1820 Quid
929 1750 981 1809 hle
996 1749 1130 1811 sensisse
1145 1751 1215 1811 ait?
1242 1765 1286 1810 470

283 1857 329 1918 Si.
365 1856 489 1939 [Aside]
514 1857 602 1916 Haeo
624 1855 759 1934 primum
779 1856 922 1916 adfertur
936 1855 998 1916 ium
1013 1857 1055 1914 mi
1071 1856 1110 1916 ab
1125 1856 1183 1916 hoe
1198 1856 1287 1917 falls-

443 1980 508 2037 era3

364 2066 457 2127 Hane
471 2065 622 2127 simulant
636 2037 832 2144 Jiareie'sqno
846 2065 1042 2127 Chremetem
1058 2066 1260 2127 absterreant.

244 2189 272 2231 rs
287 2172 334 2233 Gl.
369 2169 489 2251 [Inside
509 2174 557 2232 tte
576 2173 683 2254 horne]
701 2172 782 2230 Iuno
796 2171 925 2247 Lucina,
940 2172 1103 2248 senopem,
1119 2191 1209 2232 serua
1227 2191 1286 2246 me,

444 2276 578 2337 obsecro.

283 2381 330 2443 St.
365 2379 570 2461 [Addreseiny
579 2382 702 2461 Davus]
714 2380 791 2455 Hui,
802 2381 865 2440 tem
875 2380 962 2440 cito?
984 2380 1173 2440 Ridiculum.
1200 2382 1288 2441 Post

445 2504 537 2563 quam
553 2492 626 2546 ante
640 2485 756 2547 ostium

364 2592 418 2651 Me
432 2590 555 2651 audiuit
566 2597 658 2666 stare,
671 2592 866 2669 adproperat.
909 2591 980 2650 Non
997 2598 1047 2651 sat
1059 2592 1220 2652 commode
1244 2606 1288 2650 475

365 2694 478 2757 Diuisa
491 2702 565 2758 sunt
579 2696 773 2775 temporibus
786 2695 855 2770 tibi,
870 2697 969 2771 Daue,
985 2696 1068 2755 haee.

284 2802 345 2864 Da.
1112 2802 1243 2862 Mihin?

257 2957 261 2965 .
284 2906 332 2968 Si.
366 2907 453 2966 Num
467 2906 652 2967 inmemores
671 2905 846 2985 discipuli?

285 3012 346 3071 Do
877 2994 946 3087 Ego
960 3010 1037 3088 quid
1051 3029 1158 3071 narres
1173 3011 1286 3073 nescio.

244 3134 273 3175 so
285 3116 332 3178 Si.
369 3114 497 3199 [Anile]
512 3114 628 3175 Hicine
643 3135 691 3176 rue
706 3117 734 3176 si
748 3115 928 3195 iuparsltnm
944 3116 977 3175 iu
991 3116 1075 3176 neris
1090 3115 1209 3195 nuptiis

365 3220 504 3282 Additus
518 3228 610 3296 esset,
626 3221 703 3299 quos
718 3221 796 3281 mihi
812 3221 902 3281 ludos
918 3220 1078 3281 redderet!

364 3325 459 3386 Nune
473 3324 566 3387 huius
580 3326 697 3404 periclo
711 3326 761 3401 fit,
777 3345 834 3403 ego
848 3334 882 3385 ln
896 3332 988 3403 portu
1002 3326 1124 3403 nduigo.
1244 3340 1290 3386 480

674 3688 795 3753 Sonus
817 3688 848 3752 2.

574 3868 689 3918 Lusum.
726 3867 805 3918 Suro.
842 3868 948 3918 Drvos.

239 4033 397 4116 [Re-enter
410 4036 523 4096 Lesbia
536 4038 623 4111 from
640 4036 839 4111 Glycerium's
857 4038 955 4096 house.
998 4038 1060 4099 She
1080 4042 1151 4097 does
1172 4047 1222 4097 not
1242 4057 1289 4097 see

322 4131 410 4193 Simo
423 4151 459 4192 or
472 4134 589 4206 Davus,
604 4134 667 4192 ond
681 4134 756 4210 collo
768 4142 797 4192 to
811 4153 832 4193 a
845 4138 1061 4195 rnaldsem'aut
1075 4136 1205 4215 suithes]

290 4275 341 4335 Le
371 4273 494 4351 Adhr‘ro,
510 4274 669 4355 Archylis,
685 4295 765 4353 quae
781 4277 925 4337 adsolent
938 4297 1079 4356 quaeque
1094 4279 1240 4356 oportent

369 4378 467 4455 Sigus
481 4380 548 4441 esse
562 4381 603 4440 ad
617 4378 761 4456 saltitem,
777 4382 884 4441 omnio
896 4381 970 4441 hur'e
983 4401 1052 4443 esse
1067 4382 1167 4442 ur'deo.

367 4484 463 4545 Nune
477 4484 612 4564 primum
626 4486 678 4545 fao
693 4485 786 4546 istam
802 4492 839 4545 ut
853 4486 954 4562 lauet3
978 4492 1066 4564 poste
1080 4487 1203 4562 deinde,

367 4589 458 4663 Quod
472 4588 550 4651 iussi
564 4590 594 4650 ei
608 4590 678 4651 dari
692 4591 797 4651 bibere
812 4599 845 4651 et
859 4592 1010 4668 qudutum
1026 4592 1189 4671 impertiri,
