3042 5542
672 1111 833 1163 rrrrurr
1086 1108 1153 1176 [111.
1164 1109 1282 1162 croso

356 1283 450 1344 Prius
462 1302 554 1361 quam
565 1281 677 1343 hdrum
688 1281 808 1344 scelera
821 1287 854 1342 et
867 1281 1023 1343 ldcrumee
1034 1280 1188 1342 confictae
1202 1280 1282 1340 dolis

357 1386 547 1448 Reddricunt
560 1387 698 1447 animum
713 1388 875 1463 aegrotum
889 1386 930 1447 ad
944 1384 1203 1461 misericordiam,

357 1494 494 1554 derem
508 1492 626 1552 demus.
670 1490 768 1570 spero
781 1488 1017 1566 consuetridine,
1239 1502 1284 1549 teo

324 1617 331 1624 ·
358 1595 508 1673 Conidgio
523 1595 645 1656 liberdli
660 1594 852 1671 deuinctdm,
867 1595 1026 1671 Chremes,

239 1723 266 1764 oo
358 1703 440 1762 Dein
454 1700 549 1762 fdciie
562 1720 602 1761 ex
616 1700 681 1762 illis
696 1701 764 1761 sese
778 1698 969 1761 emersun'rm
986 1698 1087 1760 molis

281 1809 334 1870 ot.
357 1808 428 1867 Tibi
445 1807 489 1867 ita
503 1807 562 1866 hoo
575 1805 718 1880 uidetur3
740 1805 774 1865 rit
788 1824 845 1881 ego
859 1824 922 1865 non
936 1823 1028 1883 posse
1042 1803 1188 1879 drbitrou

357 1913 470 1989 Neque
484 1911 575 1970 illum
590 1909 671 1970 hinc
685 1916 837 1988 perpetuo
851 1909 966 1970 hebere
976 1926 1079 1987 neque
1089 1928 1141 1971 me
1151 1909 1284 1988 perpeti.

279 2020 325 2078 Si.
360 2017 420 2089 Qui
435 2015 496 2076 sois
511 2034 584 2091 ergo
599 2014 693 2096 istus
704 2014 766 2074 nisi
781 2014 933 2092 periclum
948 2014 1088 2075 feceris?
1243 2027 1287 2074 ³65

282 2123 334 2184 Oh.
359 2121 403 2181 At
415 2119 497 2181 istric
512 2119 663 2198 periclum
679 2119 713 2178 in
726 2118 800 2179 filia
813 2118 884 2179 iieri
897 2124 1031 2195 grauest

241 2246 267 2287 ss
280 2227 326 2287 Si.
360 2227 482 2303 Nempe
498 2224 735 2285 incommoditas
750 2224 886 2301 denique
900 2223 962 2284 huc
976 2223 1078 2285 omnis
1092 2223 1186 2301 redit,

361 2332 394 2391 si
409 2330 544 2403 cusnitit,
559 2329 643 2406 quod
657 2329 690 2388 di
705 2328 902 2406 prdhibeant‚
917 2329 1076 2390 disccssio.

360 2436 405 2495 At
420 2434 448 2495 si
461 2434 635 2510 corrigitur,
651 2436 728 2511 qudt
741 2433 980 2494 commoditatis
995 2432 1085 2495 uidet

361 2539 521 2617 Principio
536 2538 637 2598 amico
650 2537 756 2597 fssium
771 2537 957 2613 restitueris,
1244 2552 1291 2599 oro

361 2644 432 2704 Tibi
448 2644 596 2720 gonerum
611 2642 735 2702 firmum
750 2648 783 2702 et
796 2642 886 2703 filiae
901 2641 1043 2704 inuenics
1057 2641 1172 2703 uirum.

243 2770 269 2808 so
284 2751 336 2813 ct.
364 2748 526 2829 [Yieldinq
546 2748 736 2829 reluctontly]
752 2746 836 2818 Quid
854 2746 955 2808 istic?
997 2747 1031 2808 si
1052 2746 1100 2809 ita
1119 2747 1205 2811 istuc
1225 2748 1291 2810 dni·

433 2873 517 2913 mum
533 2851 658 2912 induxti
673 2870 742 2912 esse
755 2849 845 2926 irtile,

362 2957 445 3018 Nolo
460 2958 518 3017 tibi
533 2955 634 3016 ulium
648 2956 843 3017 commodum
858 2956 892 3015 in
906 2974 956 3017 me
970 2954 1119 3018 claddier.

284 3066 329 3124 Si.
364 3063 480 3122 Merito
494 3068 526 3121 te
541 3079 664 3139 semper
678 3060 816 3121 mdxumi
831 3060 903 3135 feci,
918 3061 1060 3123 Chreme.

287 3169 338 3230 012.
365 3168 426 3226 Sed
440 3165 516 3243 quid
530 3166 603 3226 eis?

285 3274 330 3333 Si.
413 3270 523 3342 Quid?

288 3378 340 3439 Oh.
564 3373 624 3445 Qui
639 3373 700 3435 scis
714 3392 767 3435 eos
782 3392 865 3434 nunc
879 3373 1057 3436 discordare
1071 3374 1157 3437 intdr
1170 3381 1232 3440 se?
1247 3391 1295 3440 tw

286 3482 332 3543 Si.
367 3478 459 3558 Ipsr‘rs
468 3478 546 3539 mihi
559 3480 674 3552 Dauos,
683 3478 738 3556 qui
748 3478 1019 3540 intumusteouim
1029 3480 1182 3557 consiliis,
1191 3482 1293 3556 dixit3

247 3605 274 3645 ss
366 3586 409 3645 Et
425 3584 453 3644 is
469 3583 547 3643 mihi
564 3584 677 3643 suadet
691 3581 820 3661 ndptias
835 3583 988 3661 quantrim
1002 3604 1115 3663 queem
1136 3592 1174 3648 ut
1194 3587 1295 3649 matri·

448 3707 522 3748 rem.

366 3796 453 3855 Num
474 3794 583 3855 censes
604 3793 731 3868 faceret,
753 3792 859 3852 filium
880 3793 943 3855 nisi
964 3792 1059 3856 sciret
1082 3796 1192 3857 eedem
1216 3796 1295 3859 haec

447 3898 557 3958 uelle?

368 4006 450 4064 Tute
471 4004 549 4063 rideo
569 4002 632 4063 iem
652 4002 720 4064 eius
739 4003 837 4063 uerba
853 4001 971 4065 addice.
1014 4003 1155 4085 [Gallico
1168 4008 1295 4085 timont

449 4111 497 4168 tte
511 4112 586 4168 door
600 4112 638 4184 of
646 4110 694 4166 his
707 4110 815 4188 house]
831 4109 930 4182 Hono,
943 4109 1071 4170 euocato
1084 4109 1147 4171 huc
1161 4111 1291 4173 Dduom.

370 4213 478 4291 Atque
493 4213 597 4272 eccum
613 4211 705 4270 uideo
719 4210 823 4291 ipsrim
839 4212 923 4272 foras
938 4212 1032 4273 exire.
