3042 5542
230 1126 281 1177 ιν.
293 1126 319 1177 s.
332 1125 409 1194 1-1r]
685 1124 835 1176 sunaus

673 1386 795 1452 Scurra
818 1387 849 1452 3.

641 1562 739 1614 Mrsrs.
775 1562 879 1612 Divos.

284 1722 348 1798 My.
366 1720 429 1801 [To
456 1722 572 1798 herself
575 1723 590 1801 ]
618 1720 716 1781 Nilne
743 1720 812 1781 esse
840 1719 1001 1798 proprium
1029 1719 1215 1798 quoiquam!
1255 1719 1289 1780 di

444 1827 584 1886 nostram
605 1825 714 1885 fidem!

367 1928 529 1990 Summum
543 1931 657 1990 bonnm
673 1948 740 1990 esse
755 1930 826 1989 erae
840 1929 949 2008 putari
964 1929 1047 1989 hunc
1062 1929 1274 2009 Pamphilum,

365 2034 521 2111 Amicum,
536 2035 716 2109 amatorem,
732 2034 835 2094 uirum
851 2034 883 2093 in
898 2033 1011 2112 quouis
1026 2034 1093 2094 loco

365 2140 530 2215 Paretunn
552 2158 661 2199 uerum
676 2158 715 2199 ex
730 2140 766 2199 ec
780 2157 864 2198 nnnc
879 2139 993 2199 misera
1007 2141 1100 2216 quern
1114 2140 1199 2218 capit

365 2245 535 2305 Laberem!
574 2243 680 2304 Facile
691 2244 742 2303 hic
755 2242 826 2321 pluis
837 2243 945 2303 malist
959 2263 1053 2322 quarn
1069 2244 1135 2304 illic
1149 2244 1230 2304 boni.
1247 2258 1291 2302 tm

368 2347 483 2429 [Enter
502 2351 612 2410 Davus
632 2353 717 2426 frma
741 2350 939 2425 Glyceriam’a
959 2351 1058 2422 house,
1080 2354 1221 2427 carrying]
1245 2352 1291 2409 lle

448 2455 539 2536 baby]
571 2454 632 2515 Sed
660 2455 766 2515 Dauos
794 2454 869 2514 exit.
912 2452 960 2513 Mi
988 2454 1088 2528 horno,
1110 2454 1187 2532 quid
1208 2460 1291 2515 lstuc

446 2559 573 2620 ebsecro
587 2562 659 2619 est?

367 2665 435 2737 Quo
449 2665 555 2741 pertas
570 2666 727 2742 puerum?

287 2770 349 2830 Da.
565 2767 665 2848 [Very
679 2770 840 2849 caicuszy]
857 2768 969 2849 Mysis,
985 2788 1066 2828 nunc
1082 2788 1160 2846 opus
1175 2770 1223 2830 e'st
1237 2776 1292 2830 tua

368 2873 451 2933 Mihi
466 2874 507 2934 ad
520 2874 601 2934 hanc
617 2891 681 2932 rem
696 2880 883 2952 exprompta
896 2873 1019 2933 malitia
1034 2880 1127 2951 atque
1145 2873 1269 2933 astutia.

288 2980 352 3055 My.
367 2978 524 3050 Quidnam
539 2977 745 3055 incepturus?

288 3085 349 3145 Du.
474 3082 628 3163 [Holdinp
641 3092 693 3142 ont
707 3085 754 3142 tae
768 3084 860 3165 bully]
876 3070 997 3161 Accipe
1013 3103 1031 3143 a
1046 3102 1094 3143 me
1108 3083 1191 3144 hunc
1207 3084 1293 3146 6cius

247 3206 276 3249 ιο
369 3188 475 3266 Atque
489 3189 563 3249 ante
577 3194 716 3248 nostram
732 3187 856 3248 ianuam
871 3207 1001 3265 appone.

288 3295 352 3371 My.
1034 3280 1178 3368 Obsecro,
1250 3307 1294 3352 ‘125

370 3396 535 3459 Humine?

343 3548 350 3561 .
579 3502 630 3561 Ex
643 3520 698 3562 ara
710 3500 785 3562 hinc
799 3500 886 3562 siuns
900 3503 1053 3563 uerbenas
1067 3502 1126 3562 tibi

369 3608 476 3686 Atque
490 3608 543 3668 eas
558 3607 730 3668 substerne.

289 3715 352 3791 My.
734 3712 832 3783 Quam
849 3713 887 3772 6b
902 3731 966 3771 rem
982 3712 1015 3772 id
1030 3718 1098 3771 tute
1112 3714 1174 3772 n6n
1189 3712 1294 3774 facis?

290 3820 350 3885 Da.
371 3818 460 3893 Quia,
475 3816 503 3878 si
517 3818 600 3877 forte
615 3825 693 3895 opus
708 3816 760 3892 sit,
776 3818 816 3876 ad
830 3836 916 3876 crum
932 3816 1130 3878 iurandumst
1144 3818 1223 3877 mihi

367 3923 441 3984 Non
456 3922 627 4001 apposisse,
643 3967 649 3981 .
666 3967 673 3981 .
689 3968 696 3982 .
712 3929 749 3982 ut
763 3920 884 4000 liquido
898 3923 1023 4000 possim.

290 4030 353 4105 Iriy.
1067 4028 1239 4104 Intellc305

251 4150 278 4193 u
375 4131 569 4214 [Ircnicclly]
587 4132 681 4192 Noua
704 4131 787 4192 nunc
803 4131 914 4208 religio
934 4133 966 4192 in
987 4139 1018 4192 te
1040 4131 1137 4192 istaec
1156 4132 1292 4193 incessit.

451 4236 552 4297 Cedo!
1252 4251 1295 4295 ⁷³0

291 4344 351 4404 Du.
372 4344 467 4402 Moue
481 4342 567 4401 (icius
583 4349 623 4414 te,
638 4342 765 4419 utquid
780 4361 869 4417 agam
888 4361 979 4419 porro
998 4341 1164 4418 intellegas
1180 4340 1294 4420 [Mysis

452 4448 517 4523 lays
531 4449 578 4505 tlte
592 4449 670 4505 child
684 4456 716 4505 at
731 4447 844 4507 Simo's
858 4449 957 4529 door}

371 4552 435 4612 Pro
450 4549 610 4631 Iuppiter!
