3042 5542
231 1120 413 1189 mss-m]
688 1121 841 1174 sensns
1249 1110 1292 1176 45

287 1292 348 1353 Da.
368 1290 561 1374 [Ironieally]
578 1291 655 1368 Age,
671 1291 698 1353 si
715 1291 767 1353 hte
784 1312 847 1353 non
864 1292 984 1354 insanit
1001 1293 1080 1354 setis
1098 1312 1155 1355 sus
1171 1296 1290 1372 spdnte‚

448 1395 574 1472 instiga.

287 1502 353 1578 My.
622 1498 687 1580 [To
700 1503 898 1584 Pamphilus]
916 1503 1020 1580 Atque
1035 1501 1145 1580 edepol

249 1623 276 1666 ιο
368 1604 418 1666 Ee
430 1606 480 1667 res
493 1611 552 1681 est,
567 1607 793 1686 propteresque
807 1625 891 1667 nune
905 1606 1067 1667 miseram
1081 1614 1258 1669 maerorest.

289 1712 347 1771 Pa.
823 1712 921 1794 [With
935 1715 1008 1788 deep
1022 1712 1164 1793 emotion]
1181 1712 1292 1794 Mysis,

370 1815 432 1876 Per
444 1814 547 1877 dmnts
561 1814 621 1876 tibi
635 1815 745 1876 ediurd
759 1816 844 1892 deos,
859 1835 1029 1895 numquam
1047 1818 1115 1877 edm
1129 1836 1179 1876 me
1194 1818 1294 1878 deser-

449 1919 565 1994 tdrum,

369 2026 452 2100 Non,
474 2025 503 2085 si
522 2026 696 2103 capiundos
716 2024 795 2084 mihi
817 2026 914 2087 sciam
935 2045 1004 2086 esse
1025 2025 1168 2088 inimicos
1192 2028 1294 2087 omnis

451 2130 601 2191 hdmines.
1250 2146 1295 2191 695

371 2234 463 2295 Hane
491 2235 534 2294 mi
563 2235 720 2313 expetiui3
755 2235 898 2311 edntigit.
954 2236 1155 2297 conueniunt
1182 2257 1293 2298 mores.

451 2339 586 2401 leeent

370 2444 431 2516 Qui
447 2444 531 2504 inter
548 2464 605 2506 nos
624 2444 790 2507 disciditm
808 2445 925 2506 uolunt.
970 2445 1062 2507 Hanc
1077 2445 1138 2508 nisi
1154 2467 1237 2507 mors
1251 2448 1295 2506 mi

451 2549 569 2610 adimet
583 2551 683 2609 nemo.

208 2633 212 2640 ⁵
251 2670 280 2711 m
295 2652 346 2715 Od.
370 2652 542 2732 Resipisee

292 2758 348 2817 Po„
589 2759 664 2819 Non
685 2758 845 2837 Apdllinis
867 2767 966 2835 magts
986 2760 1097 2820 uerum
1118 2767 1212 2839 atque
1237 2762 1295 2822 hoe

672 2865 897 2941 respdnsumst,

371 2967 405 3028 Si
419 2969 536 3048 pdterit
551 2968 629 3042 fieri,
644 2975 679 3028 ut
693 2969 732 3027 ne
747 2974 836 3046 peter
851 2988 906 3046 per
921 2970 970 3029 md
985 2970 1111 3031 stetisse
1125 2971 1241 3047 erddat,

371 3073 439 3145 Quo
453 3073 556 3134 minus
570 3073 647 3134 haee
661 3073 774 3133 fierent
786 3072 926 3153 ndptiae,
940 3074 1021 3134 uold.
1065 3075 1127 3135 Sed
1141 3076 1169 3137 ei
1182 3076 1216 3136 id
1233 3096 1296 3137 non

452 3178 576 3255 pdterit,
1253 3195 1296 3241 me

369 3282 409 3343 Id
428 3281 554 3357 fdeiam,
572 3283 605 3341 in
627 3280 760 3360 procliui
781 3283 865 3361 quod
886 3288 943 3358 est,
965 3301 1021 3362 per
1043 3285 1092 3344 md
1111 3285 1237 3347 stetisse
1261 3294 1298 3347 ut

450 3387 565 3447 eredat.

370 3491 447 3564 Quis
459 3480 595 3552 eidem?

548 3597 656 3672 Miser,
671 3615 770 3674 aeque
784 3597 879 3675 etque
895 3617 960 3674 ego.

344 3747 351 3761 .
887 3702 1060 3763 Consilium
1076 3723 1199 3782 quaero.

293 3807 346 3869 Oh.
992 3889 995 3895 Ι
1173 3810 1294 3871 Fdrtis!

249 3930 278 3971 eo
290 3913 347 3972 Pm
371 3910 568 3995 [Irom'cally]
587 3912 667 3988 Sem,
683 3911 759 3990 quid
774 3930 892 3971 sonere.

291 4017 351 4077 Da.
610 4019 680 4077 Hoe
695 4018 752 4095 ego
767 4018 825 4077 tibi
840 4019 982 4096 profecto
996 4018 1140 4079 effectum
1157 4020 1293 4081 reddam.

290 4124 348 4182 Pa.
371 4122 440 4183 Iam
454 4123 514 4183 hoc
528 4125 606 4201 dpus
621 4131 680 4183 est.

290 4228 351 4288 Da.
514 4228 596 4299 Quin
611 4229 673 4288 iam
688 4227 796 4289 hebed.

293 4331 346 4394 Gt.
709 4333 793 4406 Quid
807 4336 881 4394 est?

290 4437 350 4498 Dm
763 4438 858 4514 Huic,
874 4440 936 4498 ndn
952 4438 1010 4498 tibi
1024 4438 1132 4515 habeo,
1148 4458 1187 4501 ne
1202 4441 1292 4502 drres.

293 4540 346 4605 ot.
371 4541 429 4604 Set
442 4543 550 4605 hdbeo.
